2505 3504
319 271 355 317 8

322 429 452 477 hune·
478 440 614 477 usum
646 430 931 490 scriptorum
967 428 1243 490 posterioris
1289 429 1700 477 sentisne-'anim
1714 465 1726 489 ,
1760 429 2213 491 ‹enmphm‘³doeet=
2232 429 2306 476 vel

322 520 620 568 Ammiani
654 517 1030 579 Marcellini,
1070 519 1153 580 qui
1186 513 1463 579 quamquam
1496 520 1538 567 si
1566 520 1852 568 uanitatem
1881 520 2149 580 spectabas
2182 516 2304 567 inter

319 609 617 671 demimus,
651 609 804 658 immo
826 601 1054 672 pessimos
1084 609 1341 671 scriptores
1377 614 1460 658 est
1479 609 1763 671 referendus,
1800 610 1859 658 ab
1893 610 1991 659 hoe
2014 610 2087 659 de
2106 621 2313 727 praepo-

324 701 509 750 sitiouis
542 716 631 750 usu
665 704 914 763 pro-rsus
949 700 1269 749 abstinuit
1748 717 1766 739 ’-
2205 719 2209 723 ·

422 790 638 841 Alterum
672 796 769 851 est,-
810 790 941 853 quod
978 804 1069 838 non
1106 804 1229 839 raro
1271 804 1373 840 eum
1422 792 1579 840 verbis
1624 793 1917 853 postulandi,
1966 791 2303 854 expostulnndi,

322 883 620 945 expectandi,
657 881 961 945 impetrandi,
997 881 1212 944 petendi,
1250 880 1562 944 efflagitandi,
1598 883 1836 944 exigendi,
1870 884 2160 944 requirendi,
2196 883 2307 931 eon—

319 974 565 1035 sequendi,
600 972 870 1033 mutuandi,
907 972 1149 1034 sperandi,
1196 972 1407 1044 sumendi
1454 973 1768 1023 Tertullianus
1808 973 1875 1023 de
1907 975 2304 1036 *praepositionem

323 1066 561 1126 coniungit
577 1102 589 1124 ,
637 1077 742 1112 cum
789 1064 899 1112 boni
946 1064 1200 1125 scriptores
1246 1077 1276 1111 a
1320 1045 1667 1125 praepositione
1713 1066 1784 1113 uti
1830 1066 2009 1114 soleant
2024 1102 2037 1126 ,
2084 1066 2215 1114 velut
2246 1064 2306 1112 <le

321 1155 481 1216 fuga2
500 1156 664 1217 (466):
704 1169 819 1215 „nec
852 1158 900 1203 in
935 1169 1184 1215 porcorum
1219 1169 1410 1215 gregem
1445 1156 1619 1205 diaboli
1652 1157 1774 1216 legio
1806 1155 1974 1203 hebuit
2006 1160 2302 1216 potestaten,

320 1247 413 1294 nisi
448 1259 548 1294 eam
584 1245 651 1293 de
686 1245 773 1292 deo
808 1245 1265 1305 impetrasset.“
1335 1245 1514 1294 Eodem
1547 1245 1684 1293 modo
1718 1245 1952 1293 interdum
1996 1247 2140 1294 etiam
2185 1232 2303 1294 alios

319 1338 598 1397 posterioris
616 1321 785 1384 aetatis
820 1336 1072 1395 scriptores
1106 1336 1286 1400 locutos
1321 1350 1423 1383 esse
1457 1335 1747 1384 doeetHand
1781 1336 1983 1383 inTurs.
2022 1336 2094 1397 Π,
2115 1351 2161 1398 p.
2187 1338 2298 1385 195.

423 1426 602 1475 Deinde
635 1424 1093 1474 animadvertendum
1108 1463 1119 1485 ‚
1155 1425 1381 1475 latissime
1413 1425 1537 1487 apud
1566 1426 1902 1475 Tertullianum
1924 1441 2030 1475 eum
2062 1427 2134 1480 de
2168 1441 2302 1489 prae—

320 1519 566 1579 positionis
599 1532 734 1566 usum
769 1522 934 1578 patere
947 1554 958 1575 ‚
995 1522 1050 1564 ut
1082 1517 1310 1577 originem
1343 1517 1596 1578 significet,
1632 1516 1753 1564 unde
1786 1518 1962 1579 aliquid
1995 1518 2060 1566 sit
2089 1523 2302 1580 repeten-

321 1608 430 1658 dum
447 1646 458 1668 ‚
504 1609 578 1657 vel
624 1622 723 1657 rem
769 1608 890 1657 unde
935 1607 1110 1670 aliquid
1143 1622 1308 1656 nomen
1340 1608 1513 1655 habeat
1544 1609 1618 1655 vel
1652 1622 1835 1656 causam
1869 1622 1963 1670 qua
1994 1610 2169 1670 aliquid
2200 1610 2299 1659 fiat.

321 1698 455 1759 Quod
499 1713 774 1759 quamquam
823 1713 913 1746 non
957 1700 1141 1746 omnino
1187 1698 1412 1746 abhorret
1456 1712 1485 1746 a
1527 1699 1709 1759 vulgari
1746 1699 2099 1758 eonsuetudine,
2146 1703 2302 1747 tamen

320 1789 652 1836 Tertullianum
688 1790 833 1835 multo
868 1790 1090 1835 maiorem
1125 1789 1357 1835 licentiam
1393 1787 1574 1834 dicendi
1626 1787 1717 1834 sibi
1767 1789 2023 1848 sumpsisse
2055 1801 2192 1847 quam
2227 1800 2296 1836 ee·

317 1882 447 1926 teros
481 1879 735 1937 scriptores
769 1868 1105 1939 permultisque
1140 1878 1255 1925 locis
1292 1877 1360 1924 de
1407 1879 1649 1938 scripsisse
1664 1915 1677 1939 ,
1728 1877 1895 1937 quibus
1943 1890 1999 1925 ex
2043 1890 2172 1926 more
2206 1878 2300 1927 Ro·

318 1983 562 2016 manorum
596 1969 701 2015 aliis
735 1968 1159 2028 praepositionibus
1193 1969 1269 2016 vel
1302 1970 1401 2016 solo
1436 1969 1640 2017 ablativo
1673 1968 1895 2017 utendum
1930 1968 2044 2029 fuit,
2080 1968 2304 2030 exemplis

317 2058 440 2107 infra
474 2059 630 2106 allatis
663 2058 922 2120 apparebit.
991 2057 1144 2121 Speet.
1187 2061 1272 2108 10:
1316 2073 1544 2121 „quorum
1581 2056 1799 2123 (morum)
1834 2059 2011 2108 scilieet
2041 2061 2300 2120 periculum

317 2153 482 2211 ingens
526 2150 556 2197 d
570 2164 596 2196 e
646 2150 836 2197 lascivia
890 2149 1205 2210 >providebant
1266 2151 1296 2197 i.
1344 2164 1382 2199 e.
1429 2150 1590 2212 ingens
1630 2149 1887 2212 periculum
1921 2164 1947 2198 e
1979 2150 2173 2199 lascivia
2206 2153 2302 2199 ori·

319 2246 477 2288 turum
513 2239 890 2301 providebant“;
927 2241 1047 2300 apol.
1087 2243 1148 2288 19
1181 2243 1348 2299 (189);
1396 2244 1545 2300 „sunt
1575 2244 1761 2289 vestrae
1795 2239 1998 2302 Sibyllae
2030 2254 2199 2290 nomen
2233 2240 2302 2290 de

319 2334 521 2378 veritate
553 2331 800 2387 mentitae,
836 2330 1219 2388 quemadmodum
1255 2336 1304 2378 et
1337 2330 1411 2377 dei
1445 2332 1592 2378 vestri
1607 2332 1664 2390 “3
1709 2330 1766 2378 de
1801 2336 1943 2392 spect.
1986 2332 2074 2378 11:
2123 2332 2301 2392 „origo

319 2421 425 2468 istis
459 2419 726 2479 (agonibus)
772 2419 840 2465 de
882 2421 1098 2466 ludorum
1133 2423 1482 2481 propinquitate
1517 2423 1659 2480 est“;
1706 2420 1827 2482 apol.
1866 2421 1917 2468 3:
1956 2456 1985 2481 ,‚
2000 2405 2083 2469 sed
2116 2423 2164 2469 et
2196 2433 2299 2470 cum

318 2525 564 2571 perperam
600 2510 905 2557 Chrestianus
939 2513 1268 2569 pronuntiatur
1303 2524 1332 2557 a
1363 2511 1520 2571 vobis,
1557 2511 1587 2557 d
1600 2523 1625 2557 e
1659 2511 1890 2559 suavitate
1922 2510 1999 2559 vel
2015 2509 2304 2572 benignitate

319 2601 624 2661 eompositum
658 2606 756 2660 est,
792 2602 822 2647 i.
861 2614 899 2646 e.
935 2603 1062 2647 vocis
1097 2601 1362 2649 Chrestiani
1409 2604 1541 2663 origo
1586 2599 1840 2662 repetenda
1879 2605 1954 2650 est
1993 2613 2023 2650 a
2054 2601 2302 2651 suavitatis

318 2693 504 2750 voee“;
538 2691 599 2738 ad
630 2697 725 2739 nat.
764 2692 810 2748 Ι,
851 2693 879 2737 3
919 2692 1086 2749 (3lo):
1134 2693 1489 2750 „Christianum
1524 2705 1636 2739 vero
1671 2704 1862 2752 nomen,
1899 2694 2121 2753 quantum
2153 2691 2300 2753 signi-

316 2779 475 2830 ficatio
522 2786 618 2841 est,
667 2780 725 2829 de
772 2784 989 2831 unctione
1036 2784 1388 2843 interpretatur.
1476 2782 1635 2831 Etiam
1680 2795 1785 2830 cum
1832 2786 2053 2843 eorrupte
2092 2796 2121 2830 a
2164 2783 2301 2830 vobis

319 2872 582 2921 Chrestiani
615 2874 984 2932 pronuntiamur,
1022 2875 1090 2920 sic
1124 2886 1305 2932 quoque
1339 2873 1398 2921 (le
1429 2873 1660 2921 suavitate
1682 2873 1756 2920 vel
1784 2873 1991 2920 bonitate
2013 2872 2299 2921 modulatum
