2505 3504
815 877 1639 937 Auctoritate

287 1007 289 1009 ’
371 1037 1124 1113 nncmolus
1189 1040 1371 1111 ET
1423 1038 2076 1114 sumamus

940 1170 1590 1293 civis-msav

772 1402 1169 1459 ursus
1244 1404 1672 1608 tiranni
1724 1408 1885 1595 ἱ

240 1675 436 1773 Quam
476 1720 624 1767 nuper
668 1707 877 1754 inchoavi
922 1706 986 1753 de
1032 1721 1142 1753 usu
1187 1707 1725 1766 praepositionum
1773 1706 2212 1754 Tertullianeo

237 1799 666 1846 commentationem
681 1834 692 1856 ‚
738 1798 836 1845 eius
885 1796 1190 1867 absolvendae
1233 1797 1413 1844 occasio
1460 1810 1549 1856 quo
1591 1791 1787 1844 celerius
1820 1797 1935 1845 mihi
1967 1809 2025 1843 ex
2057 1797 2210 1856 inspe—

237 1893 343 1937 rato
389 1889 547 1937 oblata
592 1891 685 1948 est,
735 1902 790 1935 eo
831 1889 978 1947 magis
1025 1887 1179 1947 dole0,
1228 1886 1350 1947 quod
1394 1887 1531 1935 solito
1576 1886 1812 1949 pluribusx
1833 1887 2211 1948 occupationibus

237 1993 357 2025 nunc
406 1979 590 2039 quidem
637 1992 774 2039 quam
818 1980 1017 2024 maxime
1061 1977 1331 2037 districtuS‚
1393 1979 1572 2037 reliqua
1630 1980 1960 2038 opportuniore
2002 1982 2213 2038 tempore

239 2073 526 2116 tractaturus
558 2070 834 2130 particulam
867 2073 1048 2116 tantum
1083 2068 1284 2128 aliquam
1315 2068 1452 2116 edere
1486 2083 1652 2129 cogor,
1700 2072 1983 2128 spectantem
2017 2071 2117 2115 eam
2150 2067 2212 2114 ad

237 2157 307 2206 de
341 2159 700 2220 praepositionis
735 2173 883 2208 usum.
967 2159 1124 2219 Atque
1170 2159 1231 2207 ad
1274 2160 1392 2207 hanc
1434 2161 1729 2219 potissimum
1774 2172 1830 2205 ex
1877 2159 2043 2205 ceteris
2091 2171 2209 2217 quae

237 2254 418 2298 restant
462 2249 733 2298 tractandae
784 2249 1039 2310 eligendam
1098 2255 1228 2298 certa
1278 2252 1458 2298 ratione
1502 2249 1729 2298 adductus
1777 2263 1878 2296 sum
1924 2250 2033 2306 hac,
2084 2249 2208 2309 quod

237 2340 485 2388 multarum
555 2342 949 2402 praepositionum
1016 2340 1295 2400 peculiarem
1355 2339 1627 2387 Tertulliani
1695 2353 1830 2387 usum
1886 2353 1988 2386 cum
2048 2341 2210 2400 paucis

239 2430 394 2478 verbis
425 2431 666 2489 absolvere
696 2432 957 2493 possimuS‚
994 2430 1107 2478 haec
1140 2434 1383 2491 tantopere
1417 2433 1465 2477 in
1500 2430 1675 2478 deliciis
1709 2430 1821 2490 fuit,
1856 2433 1912 2477 ut
1942 2430 2012 2477 ita
2045 2429 2209 2491 dicam,

239 2534 343 2568 cum
377 2523 590 2571 omnibus
635 2524 878 2571 latinitatis
912 2522 1058 2570 Afrae
1100 2522 1405 2583 scriptoribus
1450 2527 1548 2569 tum
1596 2522 1881 2569 Tertulliano
1895 2558 1906 2580 ,
1957 2527 2010 2568 ut
2052 2522 2209 2582 paullo

237 2611 456 2672 longiore,
480 2613 793 2675 disputatione
826 2626 943 2673 opus
986 2615 1049 2660 sit
1089 2612 1149 2660 ad
1194 2625 1373 2660 omnem
1407 2626 1435 2659 a
1468 2613 1607 2660 solito
1644 2614 1922 2673 scriptorum
1957 2613 2209 2660 latinorum

237 2715 327 2748 usu
359 2701 715 2764 discrepantiam
749 2704 1117 2751 exhauriendam
1162 2726 1166 2733 ·

336 2791 423 2856 De
455 2796 741 2855 praepositio
770 2793 1026 2854 significat,
1073 2796 1115 2842 si
1161 2796 1310 2843 locum
1357 2798 1616 2855 spectamus
1630 2832 1642 2855 ,
1691 2795 1890 2854 aliquem
1924 2796 1998 2842 vel
2033 2794 2209 2854 aliquid

240 2880 298 2929 ab
333 2882 434 2932 loco
468 2884 547 2933 ubi
583 2885 727 2935 fuerit
759 2886 987 2945 amoveri,
1034 2886 1212 2947 hocque
1245 2886 1489 2935 discrimen
1534 2884 1823 2934 intercedere
1870 2884 1982 2933 mihi
2024 2883 2208 2933 videtur

1802 2977 1826 3022 1
1844 2974 1871 3004 *
